<?xml version="1.0" encoding="UTF-8"?><collection xmlns="http://www.loc.gov/MARC21/slim"><record><leader>00320nam--2200133-i-4500</leader><controlfield tag="001">000036557</controlfield><controlfield tag="002">20161230</controlfield><controlfield tag="005">20161230201041</controlfield><controlfield tag="008">060222s1000------------r-----000-0-eng-d</controlfield><datafield ind1=" " ind2=" " tag="100"><subfield code="a">Pompeiu,Dimitrie</subfield></datafield><datafield ind1=" " ind2=" " tag="245"><subfield code="a">Opera matematica</subfield></datafield><datafield ind1=" " ind2=" " tag="260"><subfield code="a">Bucuresti, Ed.Acad.Rpr,1959. Xxxi+533p</subfield></datafield><datafield ind1=" " ind2=" " tag="490"><subfield code="a">Academia Rpr</subfield></datafield><datafield ind1=" " ind2=" " tag="852"><subfield code="a">6396</subfield></datafield></record></collection>